@article{Einstein:1915ca,
  author  = {Einstein, Albert},
  title   = {{The Field Equations of Gravitation}},
  journal = {Sitzungsber. Preuss. Akad. Wiss. Berlin (Math. Phys. )},
  volume  = {1915},
  pages   = {844--847},
  year    = {1915}
}

@article{cartwright1980truth,
  title     = {The truth doesn't explain much},
  author    = {Cartwright, Nancy},
  journal   = {American Philosophical Quarterly},
  volume    = {17},
  number    = {2},
  pages     = {159--163},
  year      = {1980},
  publisher = {JSTOR}
}

@book{philsciencebook,
  title     = {Philosophy of Science},
  author    = {McIntyre, Lee C and Rosenberg, Alexander},
  year      = {2020},
  note      = {Fourth Edition},
  publisher = {Routledge}
}
